@inproceedings{cormac,
	author = {Flanagan, Cormac and Freund, Stephen},
	year = {2009},
	month = {06},
	pages = {121-133},
	title = {FastTrack: Efficient and Precise Dynamic Race Detection},
	volume = {53},
	journal = {Communications of The ACM - CACM},
	doi = {10.1145/1542476.1542490}
}

@article{sulzmann,
	author       = {Martin Sulzmann and
	Kai Stadtm{\"{u}}ller},
	title        = {Efficient, Near Complete and Often Sound Hybrid Dynamic Data Race
	Prediction (extended version)},
	journal      = {CoRR},
	volume       = {abs/2004.06969},
	year         = {2020},
	url          = {https://arxiv.org/abs/2004.06969},
	eprinttype    = {arXiv},
	eprint       = {2004.06969},
	timestamp    = {Tue, 21 Apr 2020 16:51:52 +0200},
	biburl       = {https://dblp.org/rec/journals/corr/abs-2004-06969.bib},
	bibsource    = {dblp computer science bibliography, https://dblp.org}
}

